@book{yohan,
  title={Introduction to Function Optimization},
  author={Yohan Fougerolle},
  year={2015},
}

@misc{shewchuk1994introduction,
  title={An Introduction to the Conjugate Gradient Method Without the Agonizing Pain},
  author={Shewchuk, Jonathan Richard},
  year={1994},
  publisher={Carnegie-Mellon University. Department of Computer Science}
}

@misc{github,
  author = {Rodrigo Caye Daudt},
  title = {Optimization},
  howpublished = "\url{https://github.com/rcdaudt/Optimization}",
  year = {2016}
  note = "[Online; accessed 03-January-2016]"
}
